@online{xtext,
	title = {{Xtext} Home Page},
	url = {https://xtext.org},
	urldate = {2018-01-30}
}

@online{pedsim,
	title = {{PedSim} Home Page},
	url = {http://pedsim.silmaril.org},
	urldate = {2019-01-15}
}

@online{eclipse,
	title = {{Eclipse} Home Page},
	url = {https://eclipse.org},
	urldate = {2019-01-15}
}

@online{nointellij,
	title = {{Xtext LSP} vs. {Xtext Web}},
	author = {TypeFox},
	url = {https://typefox.io/xtext-lsp-vs-xtext-web},
	urldate = {2019-01-15}
}

@online{antlr,
	title = {{Antlr} Home Page},
	url = {https://www.antlr.org/},
	urldate = {2019-01-15}
}

@online{A1,
	title = {Assignment 1 - Building evacuation modelling in {metaDepth}},
	author = {Gomes, Claudio},
	url = {http://msdl.cs.mcgill.ca/people/hv/teaching/MSBDesign/assignments/Assign1-metaDepth.pdf},
	urldate = {2019-01-15}
}

@report{Zheng2011,
	title = {Modeling cooperative and competitive behaviors in emergency evacuation: A game-theoretical approach},
	author = {Xiaoping Zheng and Yuan Cheng},
	institution = {Institute of Safety Management, Beijing University of Chemical Technology},
	date = {2011-11-06},
	year = {2011}
}

@report{Hannu2014,
	title = {Making domain specific language with Xtext and Xbase for creating role playing games},
	author = {Viinikainen Hannu},
	institution = {University of Antwerp},
	year = {2014}
}
